@misc{Chipmunk:image1,
   author = "Chipmunk",
   title = "Hash Just Right",
   howpublished = "\url{http://chipmunk-physics.net/release/ChipmunkLatest-Docs/images/hash_just_right.png}"
 }

@misc{Chipmunk:image2,
  author = "Chipmunk",
  title = "Hash Too Small",
  howpublished = "\url{http://chipmunk-physics.net/release/ChipmunkLatest-Docs/images/hash_too_small.png}"
}

@misc{Chipmunk:image3,
  author = "Chipmunk",
  title = "Hash Too Big",
  howpublished = "\url{http://chipmunk-physics.net/release/ChipmunkLatest-Docs/images/hash_too_big.png}"
}

@misc{broad:sweep,
  author = "jitter-physics",
  title = "Sweep and Prune",
  howpublished = "\url{http://jitter-physics.com/wordpress/wp-content/uploads/2011/10/show.png}"
}

@misc{narrow:sat,
  author = "Kah Shiu Chong",
  title = "Separating Axis Theorem",
  howpublished = "\url{http://gamedev.tutsplus.com/tutorials/implementation/collision-detection-with-the-separating-axis-theorem/}"
}

@misc{lander,
  author = "dunnbypaul.net",
  title = "Lunar Landing",
  howpublished = "\url{http://lander.dunnbypaul.net}"
}

@misc{box2d,
  author = "Box2D",
  title = "A 2D physic engine for games",
  howpublished = "\url{http://box2d.org/}"
}

@misc{hotruby,
  author = "HotRuby",
  title = "Ruby on javascript and flash",
  howpublished = "\url{http://hotruby.yukoba.jp/}"
}

@misc{ruby:caelum,
  author = "Caelum",
  title = "Mais Ruby: classes, objetos e m√©todos",
  howpublished = "\url{http://www.caelum.com.br/apostila-ruby-on-rails/mais-ruby-classes-objetos-e-metodos/}"
}

@misc{wii,
  author = "Johnny Chung Lee",
  title = "Wii",
  howpublished = "\url{http://johnnylee.net/projects/wii/}"
}

@misc{paca,
  author = "Paca",
  title = "Grupo de apoio ao BCC",
  howpublished = "\url{http://paca.ime.usp.br/course/view.php?id=511}"
}

@misc{mario:bb,
  author = "The Telegraph",
  title = "Mario",
  howpublished = "\url{http://www.telegraph.co.uk/sponsored/technology/nintendo-dsi-xl/8187073/Super-Mario-Bros-celebrates-25-years.html}"
}

@misc{mario:physics,
  author = "The Telegraph",
  title = "Mario",
  howpublished = "\url{https://i.chzbgr.com/completestore/12/11/16/OPVaRMLIx0uw8-oT1WV7oA2.jpg}"
}

